@article{Merkel2014,
 author = {Merkel, Dirk},
 title = {Docker: Lightweight Linux Containers for Consistent Development and Deployment},
 journal = {Linux J.},
 issue_date = {March 2014},
 volume = {2014},
 number = {239},
 month = mar,
 year = {2014},
 issn = {1075-3583},
 articleno = {2},
 url = {http://dl.acm.org/citation.cfm?id=2600239.2600241},
 acmid = {2600241},
 publisher = {Belltown Media},
 address = {Houston, TX},
} 

@book{pilgrim2010html5,
 author = {Pilgrim, Mark},
 title = {HTML5: Up and Running},
 year = {2010},
 isbn = {0596806027, 9780596806026},
 edition = {1st},
 publisher = {O'Reilly Media, Inc.},
}

@book{Redmond2012,
 author = {Redmond, Eric and Wilson, Jim R.},
 title = {Seven Databases in Seven Weeks: A Guide to Modern Databases and the NoSQL Movement},
 year = {2012},
 isbn = {1934356921, 9781934356920},
 publisher = {Pragmatic Bookshelf},
} 

@inproceedings{Julian2016,
 author = {Julian, Spencer and Shuey, Michael and Cook, Seth},
 title = {Containers in Research: Initial Experiences with Lightweight Infrastructure},
 booktitle = {Proceedings of the XSEDE16 Conference on Diversity, Big Data, and Science at Scale},
 series = {XSEDE16},
 year = {2016},
 isbn = {978-1-4503-4755-6},
 location = {Miami, USA},
 pages = {25:1--25:6},
 articleno = {25},
 numpages = {6},
 url = {http://doi.acm.org/10.1145/2949550.2949562},
 doi = {10.1145/2949550.2949562},
 acmid = {2949562},
 publisher = {ACM},
 address = {New York, NY, USA},
 keywords = {Docker, LXC, cgroups, container},
} 

@INPROCEEDINGS{Felter2015,
 author={W. Felter and A. Ferreira and R. Rajamony and J. Rubio},
 booktitle={2015 IEEE International Symposium on Performance Analysis of Systems and Software (ISPASS)},
 title={An updated performance comparison of virtual machines and Linux containers},
 year={2015},
 pages={171-172},
 keywords={Linux;cloud computing;virtual machines;Docker;KVM;Linux containers;cloud architectures;cloud computing;container manager;representative hypervisor;virtual machines;Containers;Hardware;Linux;Random access memory;Servers;Throughput;Virtual machining},
 doi={10.1109/ISPASS.2015.7095802},
 month={March},}

@misc{DockerWeb,
 title = {{Docker Inc.}},
 url = {https://www.docker.com/},
 year = {2016 (accessed 28.12.2016)},}

@misc{KVM,
 title = {{KVM}},
 url = {http://www.linux-kvm.org/},
 year = {2016 (accessed 28.12.2016)},}

@misc{HPCDocking,
 author = {McMillan, Bill and Chen, Chong},
 title = {High performance docking. Technical report},
 publisher = {IBM},
 url = {https://public.dhe.ibm.com/common/ssi/ecm/dc/en/dcw03059usen/DCW03059USEN.PDF},
 year = {2014 (accessed 28.12.2016)},}

@misc{xCAT,
 title = {Docker},
 url = {http://xcat-docs.readthedocs.io/en/stable/advanced/docker/index.html},
 year = {2015 (accessed 28.12.2016)},}

 @book{wiese2015,
  title={Advanced Data Management: For SQL, NoSQL, Cloud and Distributed Databases},
  author={Wiese, Lena},
  isbn={9783110441413},
  series={De Gruyter Textbook},
  year={2015},
  publisher={De Gruyter}
}

